{
  "leader": "03797cam a2200505 a 4500",
  "fields": [
    {
      "001": "ocm25049764\\"
    },
    {
      "003": "OCoLC"
    },
    {
      "005": "20220707165546.0"
    },
    {
      "008": "911218s1992\\\\\\\\ctu\\\\\\\\\\\\b\\\\\\\\101\\0\\eng\\\\"
    },
    {
      "010": {
        "ind1": "\\",
        "ind2": "\\",
        "subfields": [
          {
            "a": "   91047066 "
          }
        ]
      }
    },
    {
      "040": {
        "ind1": "\\",
        "ind2": "\\",
        "subfields": [
          {
            "a": "DLC"
          },
          {
            "b": "eng"
          },
          {
            "c": "DLC"
          },
          {
            "d": "BAKER"
          },
          {
            "d": "BTCTA"
          },
          {
            "d": "LVB"
          },
          {
            "d": "YDXCP"
          },
          {
            "d": "NYDWH"
          },
          {
            "d": "UKMGB"
          },
          {
            "d": "BDX"
          },
          {
            "d": "OCLCF"
          },
          {
            "d": "OCLCQ"
          },
          {
            "d": "L2U"
          },
          {
            "d": "OCLCQ"
          },
          {
            "d": "CPO"
          },
          {
            "d": "OCLCQ"
          },
          {
            "d": "Y7M"
          },
          {
            "d": "WURST"
          },
          {
            "d": "SNK"
          },
          {
            "d": "OCLCO"
          }
        ]
      }
    },
    {
      "019": {
        "ind1": "\\",
        "ind2": "\\",
        "subfields": [
          {
            "a": "82405169"
          }
        ]
      }
    },
    {
      "020": {
        "ind1": "\\",
        "ind2": "\\",
        "subfields": [
          {
            "a": "1565490088"
          },
          {
            "q": "(alk. paper)"
          }
        ]
      }
    },
    {
      "020": {
        "ind1": "\\",
        "ind2": "\\",
        "subfields": [
          {
            "a": "9781565490086"
          },
          {
            "q": "(alk. paper)"
          }
        ]
      }
    },
    {
      "020": {
        "ind1": "\\",
        "ind2": "\\",
        "subfields": [
          {
            "a": "156549007X"
          },
          {
            "q": "(pbk. ;"
          },
          {
            "q": "alk. paper)"
          }
        ]
      }
    },
    {
      "020": {
        "ind1": "\\",
        "ind2": "\\",
        "subfields": [
          {
            "a": "9781565490079"
          },
          {
            "q": "(pbk. ;"
          },
          {
            "q": "alk. paper)"
          }
        ]
      }
    },
    {
      "035": {
        "ind1": "\\",
        "ind2": "\\",
        "subfields": [
          {
            "a": "(OCoLC)25049764"
          },
          {
            "z": "(OCoLC)82405169"
          }
        ]
      }
    },
    {
      "043": {
        "ind1": "\\",
        "ind2": "\\",
        "subfields": [
          {
            "a": "f------"
          }
        ]
      }
    },
    {
      "050": {
        "ind1": "0",
        "ind2": "0",
        "subfields": [
          {
            "a": "JQ1875.A1"
          },
          {
            "b": "E54 1992"
          }
        ]
      }
    },
    {
      "082": {
        "ind1": "0",
        "ind2": "4",
        "subfields": [
          {
            "a": "352.34096"
          },
          {
            "b": "ENH"
          }
        ]
      }
    },
    {
      "245": {
        "ind1": "0",
        "ind2": "0",
        "subfields": [
          {
            "a": "Enhancing policy management capacity in Africa /"
          },
          {
            "c": "editors, Gelase Mutahaba, M. Jide Balogun."
          }
        ]
      }
    },
    {
      "250": {
        "ind1": "\\",
        "ind2": "\\",
        "subfields": [
          {
            "a": "1st ed."
          }
        ]
      }
    },
    {
      "260": {
        "ind1": "\\",
        "ind2": "\\",
        "subfields": [
          {
            "a": "West Hartford, Conn., USA :"
          },
          {
            "b": "Kumarian Press,"
          },
          {
            "c": "1992."
          }
        ]
      }
    },
    {
      "300": {
        "ind1": "\\",
        "ind2": "\\",
        "subfields": [
          {
            "a": "xi, 194 pages ;"
          },
          {
            "c": "23 cm."
          }
        ]
      }
    },
    {
      "336": {
        "ind1": "\\",
        "ind2": "\\",
        "subfields": [
          {
            "a": "text"
          },
          {
            "b": "txt"
          },
          {
            "2": "rdacontent"
          }
        ]
      }
    },
    {
      "337": {
        "ind1": "\\",
        "ind2": "\\",
        "subfields": [
          {
            "a": "unmediated"
          },
          {
            "b": "n"
          },
          {
            "2": "rdamedia"
          }
        ]
      }
    },
    {
      "338": {
        "ind1": "\\",
        "ind2": "\\",
        "subfields": [
          {
            "a": "volume"
          },
          {
            "b": "nc"
          },
          {
            "2": "rdacarrier"
          }
        ]
      }
    },
    {
      "490": {
        "ind1": "1",
        "ind2": "\\",
        "subfields": [
          {
            "a": "Kumarian Press library of management for development. New directions in development management"
          }
        ]
      }
    },
    {
      "500": {
        "ind1": "\\",
        "ind2": "\\",
        "subfields": [
          {
            "a": "\"Selected papers presented at a series of seminars jointly organized by the African Association for Public Administration and Management (AAPAM) and the United Nations Economic Commission for Africa (UNECA) between June 1988 and September 1989\"--Page ix."
          }
        ]
      }
    },
    {
      "504": {
        "ind1": "\\",
        "ind2": "\\",
        "subfields": [
          {
            "a": "Includes bibliographical references and index."
          }
        ]
      }
    },
    {
      "505": {
        "ind1": "0",
        "ind2": "0",
        "subfields": [
          {
            "g": "Pt. I."
          },
          {
            "t": "Policy Management in Africa: Contemporary Issues --"
          },
          {
            "g": "1."
          },
          {
            "t": "Structural Adjustment and Transformation: Policy Management Implications /"
          },
          {
            "r": "M. Jide Balogun --"
          },
          {
            "g": "2."
          },
          {
            "t": "Public-Policy Management Process in Africa /"
          },
          {
            "r": "Apolo R. Nsibambi --"
          },
          {
            "g": "3."
          },
          {
            "t": "Strategic and Analytical Approach to Policy Management /"
          },
          {
            "r": "William H. Shellukindo --"
          },
          {
            "g": "4."
          },
          {
            "t": "Institutional Dimensions in the Policy Process /"
          },
          {
            "r": "Adebayo Adedeji --"
          },
          {
            "g": "5."
          },
          {
            "t": "Policy Management: An Institutional Focus /"
          },
          {
            "r": "E. A. Sai --"
          },
          {
            "g": "Pt. II."
          },
          {
            "t": "Self-Reliance and Foreign Aid: Case Studies in Policy Management --"
          },
          {
            "g": "6."
          },
          {
            "t": "Pattern of Foreign Aid Management in Nigeria /"
          },
          {
            "r": "S. A. Olanrewaju --"
          },
          {
            "g": "7."
          },
          {
            "t": "Approach to Aid Coordination in Zambia /"
          },
          {
            "r": "G. J. Chivunga --"
          },
          {
            "g": "8."
          },
          {
            "t": "Foreign Aid and Local Capacity: The Tanzania Water Project as a Case Study /"
          },
          {
            "r": "Gelase Mutahaba --"
          },
          {
            "g": "9."
          },
          {
            "t": "Regional Economic Integration and Self-reliance /"
          },
          {
            "r": "Oye Ogunbadejo --"
          },
          {
            "g": "Pt. III."
          },
          {
            "t": "Policy Management Capacity Building: Role of Training Institutions --"
          },
          {
            "g": "10."
          },
          {
            "t": "Policy and Management Training in Africa: Approaches and Priorities /"
          },
          {
            "r": "M. Jide Balogun --"
          },
          {
            "g": "11."
          },
          {
            "t": "Training in Policy Formation and Management: The Experience of NIPA /"
          },
          {
            "r": "Mulenga Bwalya --"
          },
          {
            "g": "12."
          },
          {
            "t": "Role of the Gambian Management Development Institute /"
          },
          {
            "r": "S. M. B. Fye --"
          },
          {
            "g": "13."
          },
          {
            "t": "Role of the Liberia Institute of Public Administration /"
          },
          {
            "r": "Thomas G. Koon --"
          },
          {
            "g": "14."
          },
          {
            "t": "Seychelles Institute of Management: A Brief Introduction /"
          },
          {
            "r": "Colin Banks --"
          },
          {
            "g": "15."
          },
          {
            "t": "Networking and Coordination of Training in Policy Management /"
          },
          {
            "r": "Ali D. Yahaya."
          }
        ]
      }
    },
    {
      "650": {
        "ind1": "\\",
        "ind2": "0",
        "subfields": [
          {
            "a": "Political planning"
          },
          {
            "z": "Africa."
          }
        ]
      }
    },
    {
      "650": {
        "ind1": "\\",
        "ind2": "0",
        "subfields": [
          {
            "a": "Policy sciences."
          }
        ]
      }
    },
    {
      "650": {
        "ind1": "\\",
        "ind2": "0",
        "subfields": [
          {
            "a": "Public administration"
          },
          {
            "x": "Study and teaching"
          },
          {
            "z": "Africa."
          }
        ]
      }
    },
    {
      "650": {
        "ind1": "\\",
        "ind2": "7",
        "subfields": [
          {
            "a": "Policy sciences."
          },
          {
            "2": "fast"
          },
          {
            "0": "(OCoLC)fst01068796"
          }
        ]
      }
    },
    {
      "650": {
        "ind1": "\\",
        "ind2": "7",
        "subfields": [
          {
            "a": "Political planning."
          },
          {
            "2": "fast"
          },
          {
            "0": "(OCoLC)fst01069460"
          }
        ]
      }
    },
    {
      "650": {
        "ind1": "\\",
        "ind2": "7",
        "subfields": [
          {
            "a": "Public administration"
          },
          {
            "x": "Study and teaching."
          },
          {
            "2": "fast"
          },
          {
            "0": "(OCoLC)fst01082038"
          }
        ]
      }
    },
    {
      "651": {
        "ind1": "\\",
        "ind2": "7",
        "subfields": [
          {
            "a": "Africa."
          },
          {
            "2": "fast"
          },
          {
            "0": "(OCoLC)fst01239509"
          }
        ]
      }
    },
    {
      "700": {
        "ind1": "1",
        "ind2": "\\",
        "subfields": [
          {
            "a": "Mutahaba, G. R."
          },
          {
            "q": "(Gelase R.)"
          }
        ]
      }
    },
    {
      "700": {
        "ind1": "1",
        "ind2": "\\",
        "subfields": [
          {
            "a": "Balogun, M. J."
          }
        ]
      }
    },
    {
      "776": {
        "ind1": "0",
        "ind2": "8",
        "subfields": [
          {
            "i": "Online version:"
          },
          {
            "t": "Enhancing policy management capacity in Africa."
          },
          {
            "b": "1st ed."
          },
          {
            "d": "West Hartford, Conn., USA : Kumarian Press, 1992"
          },
          {
            "w": "(OCoLC)605490409"
          }
        ]
      }
    },
    {
      "830": {
        "ind1": "\\",
        "ind2": "0",
        "subfields": [
          {
            "a": "Kumarian Press library of management for development."
          },
          {
            "p": "New directions in development management."
          }
        ]
      }
    },
    {
      "994": {
        "ind1": "\\",
        "ind2": "\\",
        "subfields": [
          {
            "a": "Z0"
          },
          {
            "b": "NYRVC"
          }
        ]
      }
    },
    {
      "948": {
        "ind1": "\\",
        "ind2": "\\",
        "subfields": [
          {
            "h": "NO HOLDINGS IN NYRVC - 145 OTHER HOLDINGS"
          }
        ]
      }
    },
    {
      "999": {
        "ind1": "\\",
        "ind2": "\\",
        "subfields": [
          {
            "a": "00000000019116"
          }
        ]
      }
    }
  ]
}